<?xml version="1.0" encoding="UTF-8"?><collection xmlns="http://www.loc.gov/MARC21/slim"><record><leader>00419nam--2200133-i-4500</leader><controlfield tag="001">000046274</controlfield><controlfield tag="002">20161230</controlfield><controlfield tag="005">20161230201045</controlfield><controlfield tag="008">060222s1000------------r-----000-0-eng-d</controlfield><datafield ind1=" " ind2=" " tag="100"><subfield code="a">Veibel,Stig</subfield></datafield><datafield ind1=" " ind2=" " tag="245"><subfield code="a">Identification des substances organiques. un manuel des meth.qualitatives et quantitatives</subfield></datafield><datafield ind1=" " ind2=" " tag="260"><subfield code="a">Paris, Masson Et C-ie, 1957. Xv + 310 P</subfield></datafield><datafield ind1=" " ind2=" " tag="490"><subfield code="a">Coll.De Monographies De Chimie Organique</subfield></datafield><datafield ind1=" " ind2=" " tag="852"><subfield code="a">14416</subfield></datafield></record></collection>